@misc{yangsong_sde,
      title={Score-Based Generative Modeling through Stochastic Differential Equations}, 
      author={Yang Song and Jascha Sohl-Dickstein and Diederik P. Kingma and Abhishek Kumar and Stefano Ermon and Ben Poole},
      year={2021},
      eprint={2011.13456},
      archivePrefix={arXiv},
      primaryClass={cs.LG},
      url={https://arxiv.org/abs/2011.13456}, 
}
@article{ma2024sit,
  title={Sit: Exploring flow and diffusion-based generative models with scalable interpolant transformers},
  author={Ma, Nanye and Goldstein, Mark and Albergo, Michael S and Boffi, Nicholas M and Vanden-Eijnden, Eric and Xie, Saining},
  journal={arXiv preprint arXiv:2401.08740},
  year={2024}
}
@article{liu2022flow,
  title={Flow straight and fast: Learning to generate and transfer data with rectified flow},
  author={Liu, Xingchao and Gong, Chengyue and Liu, Qiang},
  journal={arXiv preprint arXiv:2209.03003},
  year={2022}
}
@book{sarkka2019applied,
  title={Applied stochastic differential equations},
  author={S{\"a}rkk{\"a}, Simo and Solin, Arno},
  volume={10},
  year={2019},
  publisher={Cambridge University Press}
}
@article{vahdat2021score,
  title={Score-based generative modeling in latent space},
  author={Vahdat, Arash and Kreis, Karsten and Kautz, Jan},
  journal={Advances in neural information processing systems},
  volume={34},
  pages={11287--11302},
  year={2021}
}
@inproceedings{rombach2022high,
  title={High-resolution image synthesis with latent diffusion models},
  author={Rombach, Robin and Blattmann, Andreas and Lorenz, Dominik and Esser, Patrick and Ommer, Bj{\"o}rn},
  booktitle={Proceedings of the IEEE/CVF conference on computer vision and pattern recognition},
  pages={10684--10695},
  year={2022}
}
@inproceedings{ronneberger2015u,
  title={U-net: Convolutional networks for biomedical image segmentation},
  author={Ronneberger, Olaf and Fischer, Philipp and Brox, Thomas},
  booktitle={Medical image computing and computer-assisted intervention--MICCAI 2015: 18th international conference, Munich, Germany, October 5-9, 2015, proceedings, part III 18},
  pages={234--241},
  year={2015},
  organization={Springer}
}
@article{song2019generative,
  title={Generative modeling by estimating gradients of the data distribution},
  author={Song, Yang and Ermon, Stefano},
  journal={Advances in neural information processing systems},
  volume={32},
  year={2019}
}
@article{karras2022elucidating,
  title={Elucidating the design space of diffusion-based generative models},
  author={Karras, Tero and Aittala, Miika and Aila, Timo and Laine, Samuli},
  journal={Advances in Neural Information Processing Systems},
  volume={35},
  pages={26565--26577},
  year={2022}
}

@inproceedings{song2021sde,
 author = {Yang Song and Jascha Sohl-Dickstein and Diederik P Kingma and Abhishek Kumar and Stefano Ermon and Ben Poole},
 booktitle = {International Conference on Learning Representations (ICLR)},
 title = {Score-Based Generative Modeling through Stochastic Differential Equations},
 year = {2021}
}
@inproceedings{sohl2015deep,
  title={Deep unsupervised learning using nonequilibrium thermodynamics},
  author={Sohl-Dickstein, Jascha and Weiss, Eric and Maheswaranathan, Niru and Ganguli, Surya},
  booktitle={International conference on machine learning},
  pages={2256--2265},
  year={2015},
  organization={PMLR}
}
@article{ho2020denoising,
  title={Denoising diffusion probabilistic models},
  author={Ho, Jonathan and Jain, Ajay and Abbeel, Pieter},
  journal={Advances in neural information processing systems},
  volume={33},
  pages={6840--6851},
  year={2020}
}
@article{anderson1982reverse,
  title={Reverse-time diffusion equation models},
  author={Anderson, Brian DO},
  journal={Stochastic Processes and their Applications},
  volume={12},
  number={3},
  pages={313--326},
  year={1982},
  publisher={Elsevier}
}
@article{albergo2023stochastic,
  title={Stochastic interpolants: A unifying framework for flows and diffusions},
  author={Albergo, Michael S and Boffi, Nicholas M and Vanden-Eijnden, Eric},
  journal={arXiv preprint arXiv:2303.08797},
  year={2023}
}
@book{iserles2009first,
  title={A first course in the numerical analysis of differential equations},
  author={Iserles, Arieh},
  year={2009},
  publisher={Cambridge university press}
}
@article{chen2018neural,
  title={Neural ordinary differential equations},
  author={Chen, Ricky T. Q. and Rubanova, Yulia and Bettencourt, Jesse and Duvenaud, David K},
  journal={Advances in neural information processing systems},
  volume={31},
  year={2018}
}
@article{song2020score,
  title={Score-based generative modeling through stochastic differential equations},
  author={Song, Yang and Sohl-Dickstein, Jascha and Kingma, Diederik P and Kumar, Abhishek and Ermon, Stefano and Poole, Ben},
  journal={arXiv preprint arXiv:2011.13456},
  year={2020}
}
@article{lipman2022flow,
  title={Flow matching for generative modeling},
  author={Lipman, Yaron and Chen, Ricky TQ and Ben-Hamu, Heli and Nickel, Maximilian and Le, Matt},
  journal={arXiv preprint arXiv:2210.02747},
  year={2022}
}
@article{lipman2024flow,
  title={Flow Matching Guide and Code},
  author={Lipman, Yaron and Havasi, Marton and Holderrieth, Peter and Shaul, Neta and Le, Matt and Karrer, Brian and Chen, Ricky TQ and Lopez-Paz, David and Ben-Hamu, Heli and Gat, Itai},
  journal={arXiv preprint arXiv:2412.06264},
  year={2024}
}
@article{shi2024diffusion,
  title={Diffusion Schr{\"o}dinger bridge matching},
  author={Shi, Yuyang and De Bortoli, Valentin and Campbell, Andrew and Doucet, Arnaud},
  journal={Advances in Neural Information Processing Systems},
  volume={36},
  year={2024}
}
@book{evans2022partial,
  title={Partial differential equations},
  author={Evans, Lawrence C},
  volume={19},
  year={2022},
  publisher={American Mathematical Society}
}
@book{mao2007stochastic,
  title={Stochastic differential equations and applications},
  author={Mao, Xuerong},
  year={2007},
  publisher={Elsevier}
}
@article{kobyzev2020normalizing,
  title={Normalizing flows: An introduction and review of current methods},
  author={Kobyzev, Ivan and Prince, Simon JD and Brubaker, Marcus A},
  journal={IEEE transactions on pattern analysis and machine intelligence},
  volume={43},
  number={11},
  pages={3964--3979},
  year={2020},
  publisher={IEEE}
}
@book{perko2013differential,
  title={Differential equations and dynamical systems},
  author={Perko, Lawrence},
  volume={7},
  year={2013},
  publisher={Springer Science \& Business Media}
}
@misc{coddington1956theory,
  title={Theory of ordinary differential equations},
  author={Coddington, Earl A and Levinson, Norman and Teichmann, T},
  year={1956},
  publisher={American Institute of Physics}
}

@misc{normalizing_flow,
      title={Variational Inference with Normalizing Flows}, 
      author={Danilo Jimenez Rezende and Shakir Mohamed},
      year={2016},
      eprint={1505.05770},
      archivePrefix={arXiv},
      primaryClass={stat.ML},
      url={https://arxiv.org/abs/1505.05770}, 
}

@misc{nice,
      title={NICE: Non-linear Independent Components Estimation}, 
      author={Laurent Dinh and David Krueger and Yoshua Bengio},
      year={2015},
      eprint={1410.8516},
      archivePrefix={arXiv},
      primaryClass={cs.LG},
      url={https://arxiv.org/abs/1410.8516}, 
}

@misc{realnvp,
      title={Density estimation using Real NVP}, 
      author={Laurent Dinh and Jascha Sohl-Dickstein and Samy Bengio},
      year={2017},
      eprint={1605.08803},
      archivePrefix={arXiv},
      primaryClass={cs.LG},
      url={https://arxiv.org/abs/1605.08803}, 
}

@misc{spline_flow,
      title={Neural Spline Flows}, 
      author={Conor Durkan and Artur Bekasov and Iain Murray and George Papamakarios},
      year={2019},
      eprint={1906.04032},
      archivePrefix={arXiv},
      primaryClass={stat.ML},
      url={https://arxiv.org/abs/1906.04032}, 
}

@misc{autoregressive_nf,
      title={Neural Autoregressive Flows}, 
      author={Chin-Wei Huang and David Krueger and Alexandre Lacoste and Aaron Courville},
      year={2018},
      eprint={1804.00779},
      archivePrefix={arXiv},
      primaryClass={cs.LG},
      url={https://arxiv.org/abs/1804.00779}, 
}

@misc{ffjord,
      title={FFJORD: Free-form Continuous Dynamics for Scalable Reversible Generative Models}, 
      author={Will Grathwohl and Ricky T. Q. Chen and Jesse Bettencourt and Ilya Sutskever and David Duvenaud},
      year={2018},
      eprint={1810.01367},
      archivePrefix={arXiv},
      primaryClass={cs.LG},
      url={https://arxiv.org/abs/1810.01367}, 
}

@misc{classifier_guidance,
      title={Diffusion Models Beat GANs on Image Synthesis}, 
      author={Prafulla Dhariwal and Alex Nichol},
      year={2021},
      eprint={2105.05233},
      archivePrefix={arXiv},
      primaryClass={cs.LG},
      url={https://arxiv.org/abs/2105.05233}, 
}

@misc{dit,
      title={Scalable Diffusion Models with Transformers}, 
      author={William Peebles and Saining Xie},
      year={2023},
      eprint={2212.09748},
      archivePrefix={arXiv},
      primaryClass={cs.CV},
      url={https://arxiv.org/abs/2212.09748}, 
}

@misc{vit,
      title={An Image is Worth 16x16 Words: Transformers for Image Recognition at Scale}, 
      author={Alexey Dosovitskiy and Lucas Beyer and Alexander Kolesnikov and Dirk Weissenborn and Xiaohua Zhai and Thomas Unterthiner and Mostafa Dehghani and Matthias Minderer and Georg Heigold and Sylvain Gelly and Jakob Uszkoreit and Neil Houlsby},
      year={2021},
      eprint={2010.11929},
      archivePrefix={arXiv},
      primaryClass={cs.CV},
      url={https://arxiv.org/abs/2010.11929}, 
}

@misc{sd3,
      title={Scaling Rectified Flow Transformers for High-Resolution Image Synthesis}, 
      author={Patrick Esser and Sumith Kulal and Andreas Blattmann and Rahim Entezari and Jonas MÃ¼ller and Harry Saini and Yam Levi and Dominik Lorenz and Axel Sauer and Frederic Boesel and Dustin Podell and Tim Dockhorn and Zion English and Kyle Lacey and Alex Goodwin and Yannik Marek and Robin Rombach},
      year={2024},
      eprint={2403.03206},
      archivePrefix={arXiv},
      primaryClass={cs.CV},
      url={https://arxiv.org/abs/2403.03206}, 
}

@misc{latent_diffusion,
      title={High-Resolution Image Synthesis with Latent Diffusion Models}, 
      author={Robin Rombach and Andreas Blattmann and Dominik Lorenz and Patrick Esser and BjÃ¶rn Ommer},
      year={2022},
      eprint={2112.10752},
      archivePrefix={arXiv},
      primaryClass={cs.CV},
      url={https://arxiv.org/abs/2112.10752}, 
}

@misc{clip,
      title={Learning Transferable Visual Models From Natural Language Supervision}, 
      author={Alec Radford and Jong Wook Kim and Chris Hallacy and Aditya Ramesh and Gabriel Goh and Sandhini Agarwal and Girish Sastry and Amanda Askell and Pamela Mishkin and Jack Clark and Gretchen Krueger and Ilya Sutskever},
      year={2021},
      eprint={2103.00020},
      archivePrefix={arXiv},
      primaryClass={cs.CV},
      url={https://arxiv.org/abs/2103.00020}, 
}

@misc{t5,
      title={Exploring the Limits of Transfer Learning with a Unified Text-to-Text Transformer}, 
      author={Colin Raffel and Noam Shazeer and Adam Roberts and Katherine Lee and Sharan Narang and Michael Matena and Yanqi Zhou and Wei Li and Peter J. Liu},
      year={2023},
      eprint={1910.10683},
      archivePrefix={arXiv},
      primaryClass={cs.LG},
      url={https://arxiv.org/abs/1910.10683}, 
}

@misc{moviegen,
      title={Movie Gen: A Cast of Media Foundation Models}, 
      author={Adam Polyak and Amit Zohar and Andrew Brown and Andros Tjandra and Animesh Sinha and Ann Lee and Apoorv Vyas and Bowen Shi and Chih-Yao Ma and Ching-Yao Chuang and David Yan and Dhruv Choudhary and Dingkang Wang and Geet Sethi and Guan Pang and Haoyu Ma and Ishan Misra and Ji Hou and Jialiang Wang and Kiran Jagadeesh and Kunpeng Li and Luxin Zhang and Mannat Singh and Mary Williamson and Matt Le and Matthew Yu and Mitesh Kumar Singh and Peizhao Zhang and Peter Vajda and Quentin Duval and Rohit Girdhar and Roshan Sumbaly and Sai Saketh Rambhatla and Sam Tsai and Samaneh Azadi and Samyak Datta and Sanyuan Chen and Sean Bell and Sharadh Ramaswamy and Shelly Sheynin and Siddharth Bhattacharya and Simran Motwani and Tao Xu and Tianhe Li and Tingbo Hou and Wei-Ning Hsu and Xi Yin and Xiaoliang Dai and Yaniv Taigman and Yaqiao Luo and Yen-Cheng Liu and Yi-Chiao Wu and Yue Zhao and Yuval Kirstain and Zecheng He and Zijian He and Albert Pumarola and Ali Thabet and Artsiom Sanakoyeu and Arun Mallya and Baishan Guo and Boris Araya and Breena Kerr and Carleigh Wood and Ce Liu and Cen Peng and Dimitry Vengertsev and Edgar Schonfeld and Elliot Blanchard and Felix Juefei-Xu and Fraylie Nord and Jeff Liang and John Hoffman and Jonas Kohler and Kaolin Fire and Karthik Sivakumar and Lawrence Chen and Licheng Yu and Luya Gao and Markos Georgopoulos and Rashel Moritz and Sara K. Sampson and Shikai Li and Simone Parmeggiani and Steve Fine and Tara Fowler and Vladan Petrovic and Yuming Du},
      year={2024},
      eprint={2410.13720},
      archivePrefix={arXiv},
      primaryClass={cs.CV},
      url={https://arxiv.org/abs/2410.13720}, 
}

@misc{balaji,
      title={eDiff-I: Text-to-Image Diffusion Models with an Ensemble of Expert Denoisers}, 
      author={Yogesh Balaji and Seungjun Nah and Xun Huang and Arash Vahdat and Jiaming Song and Qinsheng Zhang and Karsten Kreis and Miika Aittala and Timo Aila and Samuli Laine and Bryan Catanzaro and Tero Karras and Ming-Yu Liu},
      year={2023},
      eprint={2211.01324},
      archivePrefix={arXiv},
      primaryClass={cs.CV},
      url={https://arxiv.org/abs/2211.01324}, 
}

@misc{saharia,
      title={Photorealistic Text-to-Image Diffusion Models with Deep Language Understanding}, 
      author={Chitwan Saharia and William Chan and Saurabh Saxena and Lala Li and Jay Whang and Emily Denton and Seyed Kamyar Seyed Ghasemipour and Burcu Karagol Ayan and S. Sara Mahdavi and Rapha Gontijo Lopes and Tim Salimans and Jonathan Ho and David J Fleet and Mohammad Norouzi},
      year={2022},
      eprint={2205.11487},
      archivePrefix={arXiv},
      primaryClass={cs.CV},
      url={https://arxiv.org/abs/2205.11487}, 
}

@misc{ul2,
      title={UL2: Unifying Language Learning Paradigms}, 
      author={Yi Tay and Mostafa Dehghani and Vinh Q. Tran and Xavier Garcia and Jason Wei and Xuezhi Wang and Hyung Won Chung and Siamak Shakeri and Dara Bahri and Tal Schuster and Huaixiu Steven Zheng and Denny Zhou and Neil Houlsby and Donald Metzler},
      year={2023},
      eprint={2205.05131},
      archivePrefix={arXiv},
      primaryClass={cs.CL},
      url={https://arxiv.org/abs/2205.05131}, 
}

@misc{byte5,
      title={ByT5: Towards a token-free future with pre-trained byte-to-byte models}, 
      author={Linting Xue and Aditya Barua and Noah Constant and Rami Al-Rfou and Sharan Narang and Mihir Kale and Adam Roberts and Colin Raffel},
      year={2022},
      eprint={2105.13626},
      archivePrefix={arXiv},
      primaryClass={cs.CL},
      url={https://arxiv.org/abs/2105.13626}, 
}

@misc{metaclip,
      title={Modeling Caption Diversity in Contrastive Vision-Language Pretraining}, 
      author={Samuel Lavoie and Polina Kirichenko and Mark Ibrahim and Mahmoud Assran and Andrew Gordon Wilson and Aaron Courville and Nicolas Ballas},
      year={2024},
      eprint={2405.00740},
      archivePrefix={arXiv},
      primaryClass={cs.CV},
      url={https://arxiv.org/abs/2405.00740}, 
}

@misc{attention,
      title={Attention Is All You Need}, 
      author={Ashish Vaswani and Noam Shazeer and Niki Parmar and Jakob Uszkoreit and Llion Jones and Aidan N. Gomez and Lukasz Kaiser and Illia Polosukhin},
      year={2023},
      eprint={1706.03762},
      archivePrefix={arXiv},
      primaryClass={cs.CL},
      url={https://arxiv.org/abs/1706.03762}, 
}

@misc{cfg,
      title={Classifier-Free Diffusion Guidance}, 
      author={Jonathan Ho and Tim Salimans},
      year={2022},
      eprint={2207.12598},
      archivePrefix={arXiv},
      primaryClass={cs.LG},
      url={https://arxiv.org/abs/2207.12598}, 
}